@ARTICLE {chrisedwards2016,
    author  = "Chris Edwards",
    title   = "Not so humble Raspberry-Pi gets big ideas",
    journal = "IEEE Engineering \& Technology",
    year    = "2016",
    volume  = "8",
    number  = "3",
    month   = "apr",
    note    = "DOI: 10.1049/et.2013.0301"
}
