@inproceedings{Kambona,
 author = {Kambona, Kennedy and Boix, Elisa Gonzalez and De Meuter, Wolfgang},
 title = {An Evaluation of Reactive Programming and Promises for Structuring Collaborative Web Applications},
 booktitle = {Proceedings of the 7th Workshop on Dynamic Languages and Applications},
 series = {DYLA '13},
 year = {2013},
 isbn = {978-1-4503-2041-2},
 location = {Montpellier, France},
 pages = {3:1--3:9},
 articleno = {3},
 numpages = {9},
 url = {http://doi.acm.org/10.1145/2489798.2489802},
 doi = {10.1145/2489798.2489802},
 acmid = {2489802},
 publisher = {ACM},
 address = {New York, NY, USA},
 keywords = {Javascript, behaviours, callbacks, event streams, futures, promises, reactive programming},
}
@book{youtube,
 title = {AngularJS Fundamentals In 60-ish Minutes},
 year = {2013},
 publisher = {Youtube},
 author = {Dan Wahlin},
 address = {https://www.youtube.com/watch?v=i9MHigUZKEM},
}
@book{angularbook,
 author = {Sandeep Panda},
 year = {2014},
 title = {AngularJS : novice to ninja},
 publisher = {Collingwood, Victoria},
 address = {Internet Resource, Computer File},
 url = {http://uml.worldcat.org/oclc/903401557}
}
@ONLINE{fowler,
author = {Martin Fowler},
title = {GUI Architectures},
month = July,
year = {2006},
url = {http://martinfowler.com/eaaDev/uiArchs.html}
}
